@Manual{R-base,
  title = {R: A Language and Environment for Statistical Computing},
  author = {{R Core Team}},
  organization = {R Foundation for Statistical Computing},
  address = {Vienna, Austria},
  year = {2024},
  url = {https://www.R-project.org/},
}

@Manual{R-bookdown,
  title = {bookdown: Authoring Books and Technical Documents with R Markdown},
  author = {Yihui Xie},
  year = {2025},
  note = {R package version 0.42},
  url = {https://github.com/rstudio/bookdown},
}

@Manual{R-C50,
  title = {C50: C5.0 Decision Trees and Rule-Based Models},
  author = {Max Kuhn and Ross Quinlan},
  year = {2023},
  note = {R package version 0.1.8},
  url = {https://topepo.github.io/C5.0/},
}

@Manual{R-dplyr,
  title = {dplyr: A Grammar of Data Manipulation},
  author = {Hadley Wickham and Romain François and Lionel Henry and Kirill Müller and Davis Vaughan},
  year = {2023},
  note = {R package version 1.1.4},
  url = {https://dplyr.tidyverse.org},
}

@Manual{R-dslabs,
  title = {dslabs: Data Science Labs},
  author = {Rafael A. Irizarry and Amy Gill},
  year = {2024},
  note = {R package version 0.8.0},
  url = {https://CRAN.R-project.org/package=dslabs},
}

@Manual{R-factoextra,
  title = {factoextra: Extract and Visualize the Results of Multivariate Data Analyses},
  author = {Alboukadel Kassambara and Fabian Mundt},
  year = {2020},
  note = {R package version 1.0.7},
  url = {http://www.sthda.com/english/rpkgs/factoextra},
}

@Manual{R-forcats,
  title = {forcats: Tools for Working with Categorical Variables (Factors)},
  author = {Hadley Wickham},
  year = {2023},
  note = {R package version 1.0.0},
  url = {https://forcats.tidyverse.org/},
}

@Manual{R-gganimate,
  title = {gganimate: A Grammar of Animated Graphics},
  author = {Thomas Lin Pedersen and David Robinson},
  year = {2024},
  note = {R package version 1.0.9},
  url = {https://gganimate.com},
}

@Manual{R-ggcorrplot,
  title = {ggcorrplot: Visualization of a Correlation Matrix using ggplot2},
  author = {Alboukadel Kassambara},
  year = {2023},
  note = {R package version 0.1.4.1},
  url = {http://www.sthda.com/english/wiki/ggcorrplot-visualization-of-a-correlation-matrix-using-ggplot2},
}

@Manual{R-ggplot2,
  title = {ggplot2: Create Elegant Data Visualisations Using the Grammar of Graphics},
  author = {Hadley Wickham and Winston Chang and Lionel Henry and Thomas Lin Pedersen and Kohske Takahashi and Claus Wilke and Kara Woo and Hiroaki Yutani and Dewey Dunnington and Teun {van den Brand}},
  year = {2024},
  note = {R package version 3.5.1},
  url = {https://ggplot2.tidyverse.org},
}

@Manual{R-here,
  title = {here: A Simpler Way to Find Your Files},
  author = {Kirill Müller},
  year = {2020},
  note = {R package version 1.0.1},
  url = {https://here.r-lib.org/},
}

@Manual{R-Hmisc,
  title = {Hmisc: Harrell Miscellaneous},
  author = {Harrell, Jr., Frank E},
  year = {2025},
  note = {R package version 5.2-2},
  url = {https://hbiostat.org/R/Hmisc/},
}

@Manual{R-kableExtra,
  title = {kableExtra: Construct Complex Table with kable and Pipe Syntax},
  author = {Hao Zhu},
  year = {2024},
  note = {R package version 1.4.0},
  url = {http://haozhu233.github.io/kableExtra/},
}

@Manual{R-knitr,
  title = {knitr: A General-Purpose Package for Dynamic Report Generation in R},
  author = {Yihui Xie},
  year = {2024},
  note = {R package version 1.49},
  url = {https://yihui.org/knitr/},
}

@Manual{R-liver,
  title = {liver: "Eating the Liver of Data Science"},
  author = {Reza Mohammadi and Kevin Burke},
  year = {2024},
  note = {R package version 1.19},
  url = {https://www.uva.nl/profile/a.mohammadi},
}

@Manual{R-mice,
  title = {mice: Multivariate Imputation by Chained Equations},
  author = {Stef {van Buuren} and Karin Groothuis-Oudshoorn},
  year = {2024},
  note = {R package version 3.17.0},
  url = {https://github.com/amices/mice},
}

@Manual{R-mltools,
  title = {mltools: Machine Learning Tools},
  author = {Ben Gorman},
  year = {2018},
  note = {R package version 0.3.5},
  url = {https://github.com/ben519/mltools},
}

@Manual{R-naivebayes,
  title = {naivebayes: High Performance Implementation of the Naive Bayes Algorithm},
  author = {Michal Majka},
  year = {2024},
  note = {R package version 1.0.0},
  url = {https://github.com/majkamichal/naivebayes},
}

@Manual{R-naniar,
  title = {naniar: Data Structures, Summaries, and Visualisations for Missing Data},
  author = {Nicholas Tierney and Di Cook and Miles McBain and Colin Fay},
  year = {2024},
  note = {R package version 1.1.0},
  url = {https://github.com/njtierney/naniar},
}

@Manual{R-neuralnet,
  title = {neuralnet: Training of Neural Networks},
  author = {Stefan Fritsch and Frauke Guenther and Marvin N. Wright},
  year = {2019},
  note = {R package version 1.44.2},
  url = {https://github.com/bips-hb/neuralnet},
}

@Manual{R-plyr,
  title = {plyr: Tools for Splitting, Applying and Combining Data},
  author = {Hadley Wickham},
  year = {2023},
  note = {R package version 1.8.9},
  url = {http://had.co.nz/plyr},
}

@Manual{R-pROC,
  title = {pROC: Display and Analyze ROC Curves},
  author = {Xavier Robin and Natacha Turck and Alexandre Hainard and Natalia Tiberti and Frédérique Lisacek and Jean-Charles Sanchez and Markus Müller},
  year = {2023},
  note = {R package version 1.18.5},
  url = {https://xrobin.github.io/pROC/},
}

@Manual{R-psych,
  title = {psych: Procedures for Psychological, Psychometric, and Personality
Research},
  author = {William Revelle},
  year = {2024},
  note = {R package version 2.4.12},
  url = {https://personality-project.org/r/psych/},
}

@Manual{R-randomForest,
  title = {randomForest: Breiman and Cutlers Random Forests for Classification and
Regression},
  author = {Leo Breiman and Adele Cutler and Andy Liaw and Matthew Wiener},
  year = {2024},
  note = {R package version 4.7-1.2},
  url = {https://www.stat.berkeley.edu/~breiman/RandomForests/},
}

@Manual{R-ranger,
  title = {ranger: A Fast Implementation of Random Forests},
  author = {Marvin N. Wright},
  year = {2024},
  note = {R package version 0.17.0},
  url = {https://imbs-hl.github.io/ranger/},
}

@Manual{R-rmarkdown,
  title = {rmarkdown: Dynamic Documents for R},
  author = {JJ Allaire and Yihui Xie and Christophe Dervieux and Jonathan McPherson and Javier Luraschi and Kevin Ushey and Aron Atkins and Hadley Wickham and Joe Cheng and Winston Chang and Richard Iannone},
  year = {2024},
  note = {R package version 2.29},
  url = {https://github.com/rstudio/rmarkdown},
}

@Manual{R-ROSE,
  title = {ROSE: Random Over-Sampling Examples},
  author = {Nicola Lunardon and Giovanna Menardi and Nicola Torelli},
  year = {2021},
  note = {R package version 0.0-4},
  url = {https://CRAN.R-project.org/package=ROSE},
}

@Manual{R-rpart,
  title = {rpart: Recursive Partitioning and Regression Trees},
  author = {Terry Therneau and Beth Atkinson},
  year = {2025},
  note = {R package version 4.1.24},
  url = {https://github.com/bethatkinson/rpart},
}

@Manual{R-rpart.plot,
  title = {rpart.plot: Plot rpart Models: An Enhanced Version of plot.rpart},
  author = {Stephen Milborrow},
  year = {2024},
  note = {R package version 3.1.2},
  url = {http://www.milbo.org/rpart-plot/index.html},
}

@Manual{R-tidyr,
  title = {tidyr: Tidy Messy Data},
  author = {Hadley Wickham and Davis Vaughan and Maximilian Girlich},
  year = {2024},
  note = {R package version 1.3.1},
  url = {https://tidyr.tidyverse.org},
}

@Book{bookdown2016,
  title = {bookdown: Authoring Books and Technical Documents with {R} Markdown},
  author = {Yihui Xie},
  publisher = {Chapman and Hall/CRC},
  address = {Boca Raton, Florida},
  year = {2016},
  isbn = {978-1138700109},
  url = {https://bookdown.org/yihui/bookdown},
}

@Book{ggplot22016,
  author = {Hadley Wickham},
  title = {ggplot2: Elegant Graphics for Data Analysis},
  publisher = {Springer-Verlag New York},
  year = {2016},
  isbn = {978-3-319-24277-4},
  url = {https://ggplot2.tidyverse.org},
}

@Book{knitr2015,
  title = {Dynamic Documents with {R} and knitr},
  author = {Yihui Xie},
  publisher = {Chapman and Hall/CRC},
  address = {Boca Raton, Florida},
  year = {2015},
  edition = {2nd},
  note = {ISBN 978-1498716963},
  url = {https://yihui.org/knitr/},
}

@InCollection{knitr2014,
  booktitle = {Implementing Reproducible Computational Research},
  editor = {Victoria Stodden and Friedrich Leisch and Roger D. Peng},
  title = {knitr: A Comprehensive Tool for Reproducible Research in {R}},
  author = {Yihui Xie},
  publisher = {Chapman and Hall/CRC},
  year = {2014},
  note = {ISBN 978-1466561595},
}

@Article{mice2011,
  title = {{mice}: Multivariate Imputation by Chained Equations in R},
  author = {Stef {van Buuren} and Karin Groothuis-Oudshoorn},
  journal = {Journal of Statistical Software},
  year = {2011},
  volume = {45},
  number = {3},
  pages = {1-67},
  doi = {10.18637/jss.v045.i03},
}

@Article{naniar2023,
  title = {Expanding Tidy Data Principles to Facilitate Missing Data Exploration, Visualization and Assessment of Imputations},
  author = {Nicholas Tierney and Dianne Cook},
  journal = {Journal of Statistical Software},
  year = {2023},
  volume = {105},
  number = {7},
  pages = {1--31},
  doi = {10.18637/jss.v105.i07},
}

@Article{plyr2011,
  title = {The Split-Apply-Combine Strategy for Data Analysis},
  author = {Hadley Wickham},
  journal = {Journal of Statistical Software},
  year = {2011},
  volume = {40},
  number = {1},
  pages = {1--29},
  url = {https://www.jstatsoft.org/v40/i01/},
}

@Article{pROC2011,
  title = {pROC: an open-source package for R and S+ to analyze and compare ROC curves},
  author = {Xavier Robin and Natacha Turck and Alexandre Hainard and Natalia Tiberti and Frédérique Lisacek and Jean-Charles Sanchez and Markus Müller},
  year = {2011},
  journal = {BMC Bioinformatics},
  volume = {12},
  pages = {77},
}

@Article{randomForest2002,
  title = {Classification and Regression by randomForest},
  author = {Andy Liaw and Matthew Wiener},
  journal = {R News},
  year = {2002},
  volume = {2},
  number = {3},
  pages = {18-22},
  url = {https://CRAN.R-project.org/doc/Rnews/},
}

@Article{ranger2017,
  title = {{ranger}: A Fast Implementation of Random Forests for High Dimensional Data in {C++} and {R}},
  author = {Marvin N. Wright and Andreas Ziegler},
  journal = {Journal of Statistical Software},
  year = {2017},
  volume = {77},
  number = {1},
  pages = {1--17},
  doi = {10.18637/jss.v077.i01},
}

@Book{rmarkdown2018,
  title = {R Markdown: The Definitive Guide},
  author = {Yihui Xie and J.J. Allaire and Garrett Grolemund},
  publisher = {Chapman and Hall/CRC},
  address = {Boca Raton, Florida},
  year = {2018},
  isbn = {9781138359338},
  url = {https://bookdown.org/yihui/rmarkdown},
}

@Book{rmarkdown2020,
  title = {R Markdown Cookbook},
  author = {Yihui Xie and Christophe Dervieux and Emily Riederer},
  publisher = {Chapman and Hall/CRC},
  address = {Boca Raton, Florida},
  year = {2020},
  isbn = {9780367563837},
  url = {https://bookdown.org/yihui/rmarkdown-cookbook},
}

@Article{ROSE2014,
  title = {{ROSE}: a {P}ackage for {B}inary {I}mbalanced {L}earning},
  author = {Nicola Lunardon and Giovanna Menardi and Nicola Torelli},
  journal = {{R} Journal},
  year = {2014},
  volume = {6},
  number = {1},
  pages = {82--92},
}

