@book{grolemund2014,
  title={Hands-on programming with R: Write your own functions and simulations},
  author={Grolemund, Garrett},
  year={2014},
  publisher={" O'Reilly Media, Inc."}
}

@book{baumer2017modern,
  title={Modern data science with R},
  author={Baumer, Benjamin S and Kaplan, Daniel T and Horton, Nicholas J},
  year={2017},
  publisher={Chapman and Hall/CRC}
}

@book{kutner2005applied,
  title={Applied Linear Statistical Models},
  author={Kutner, Michael H and Nachtsheim, Christopher J and Neter, John and Li, William},
  edition={5},
  year={2005},
  publisher={McGraw-Hill Education}
}


@book{james2013introduction,
  title={An introduction to statistical learning},
  author={James, Gareth and Witten, Daniela and Hastie, Trevor and Tibshirani, Robert and others},
  volume={112},
  number={1},
  year={2013},
  publisher={Springer}
}

@article{messerli2012chocolate,
  title={Chocolate consumption, cognitive function, and Nobel laureates},
  author={Messerli, Franz H},
  journal={N Engl J Med},
  volume={367},
  number={16},
  pages={1562--4},
  year={2012}
}

@book{sutton1998reinforcement,
  title={Reinforcement learning: An introduction},
  author={Sutton, Richard S and Barto, Andrew G and others},
  volume={1},
  number={1},
  year={1998},
  publisher={MIT press Cambridge}
}

@book{lantz2019machine,
  title={Machine learning with R: expert techniques for predictive modeling},
  author={Lantz, Brett},
  year={2019},
  publisher={Packt publishing ltd}
}

@book{wickham2017r,
  title={R for data science},
  author={Wickham, Hadley and Grolemund, Garrett and others},
  volume={2},
  year={2017},
  publisher={O'Reilly Sebastopol, CA}
}

@article{moro2014data,
  title={A data-driven approach to predict the success of bank telemarketing},
  author={Moro, S{\'e}rgio and Cortez, Paulo and Rita, Paulo},
  journal={Decision Support Systems},
  volume={62},
  pages={22--31},
  year={2014},
  publisher={Elsevier}
}

@book{gareth2013introduction,
  title={An introduction to statistical learning: with applications in R},
  author={Gareth, James and Daniela, Witten and Trevor, Hastie and Robert, Tibshirani},
  year={2013},
  publisher={Spinger}
}

@book{wheelan2013naked,
  title={Naked statistics: Stripping the dread from the data},
  author={Wheelan, Charles},
  year={2013},
  publisher={WW Norton \& Company}
}

@book{bayes1958essay,
  title={Essay Toward Solving a Problem in the Doctrine of Chances},
  author={Bayes, Thomas},
  year={1958},
  publisher={Biometrika Office}
}

@book{wolfe2017intuitive,
  title={Intuitive introductory statistics},
  author={Wolfe, Douglas A and Schneider, Grant},
  year={2017},
  publisher={Springer}
}

@book{moore2009introduction,
  title={Introduction to the Practice of Statistics},
  author={Moore, David S and McCabe, George P and Craig, Bruce A},
  volume={4},
  year={2009},
  publisher={WH Freeman New York}
}

@Book{grolemund2014hands,
  title={Hands-on programming with R: Write your own functions and simulations},
  author={Grolemund, Garrett},
  year={2014},
  publisher={" O'Reilly Media, Inc."},
  url = {https://rstudio-education.github.io/hopr/},
}

@Book{xie2015,
  title = {Dynamic Documents with {R} and knitr},
  author = {Yihui Xie},
  publisher = {Chapman and Hall/CRC},
  address = {Boca Raton, Florida},
  year = {2015},
  edition = {2nd},
  note = {ISBN 978-1498716963},
  url = {https://rstudio-education.github.io/hopr/},
}

@article{neukom2019no,
  title={No evidence for globally coherent warm and cold periods over the preindustrial Common Era},
  author={Neukom, Raphael and Steiger, Nathan and G{\'o}mez-Navarro, Juan Jos{\'e} and Wang, Jianghao and Werner, Johannes P},
  journal={Nature},
  volume={571},
  number={7766},
  pages={550--554},
  year={2019},
  publisher={Nature Publishing Group}
}

@techreport{arthur2006k,
  title={k-means++: The advantages of careful seeding},
  author={Arthur, David and Vassilvitskii, Sergei},
  year={2006}
}

@article{neukom2019consistent,
  title={Consistent multi-decadal variability in global temperature reconstructions and simulations over the Common Era},
  author={Neukom, Raphael and Barboza, Luis A and Erb, Michael P and Shi, Feng and Emile-Geay, Julien and Evans, Michael N and Franke, J{\"o}rg and Kaufman, Darrell S and L{\"u}cke, Lucie and Rehfeld, Kira and others},
  journal={Nature geoscience},
  volume={12},
  number={8},
  pages={643},
  year={2019},
  publisher={Europe PMC Funders}
}

@article{breiman1984classification,
  title={Classification and Regression Trees},
  author={Breiman, L and Friedman, JH and Olshen, R and Stone, CJ},
  year={1984},
  publisher={Wadsworth}
}

@article{mingers1989empirical,
  title={An empirical comparison of selection measures for decision-tree induction},
  author={Mingers, John},
  journal={Machine learning},
  volume={3},
  pages={319--342},
  year={1989},
  publisher={Springer}
}

@article{breiman2001random,
  title={Random forests},
  author={Breiman, Leo},
  journal={Machine learning},
  volume={45},
  pages={5--32},
  year={2001},
  publisher={Springer}
}



